#1
@article{bouras2014airport,
  title={The airport gate assignment problem: a survey},
  author={Bouras, Abdelghani and Ghaleb, Mageed A and Suryahatmaja, Umar S and Salem, Ahmed M},
  journal={The scientific world journal},
  volume={2014},
  year={2014},
  publisher={Hindawi}
}

#2
@article{marinelli2015metaheuristic,
  title={A metaheuristic approach to solve the flight gate assignment problem},
  author={Marinelli, Mario and Dell’Orco, Mauro and Sassanelli, Domenico},
  journal={Transportation Research Procedia},
  volume={5},
  pages={211--220},
  year={2015},
  publisher={Elsevier}
}

#3
@article{zhang2017multi,
  title={Multi-objective gate assignment based on robustness in hub airports},
  author={Zhang, Hong-Hai and Xue, Qing-Wen and Jiang, Yu},
  journal={Advances in Mechanical Engineering},
  volume={9},
  number={2},
  pages={1687814016688588},
  year={2017},
  publisher={SAGE Publications Sage UK: London, England}
}

#4
@inproceedings{yu2015airport,
  title={Airport gate reassignment based on the optimization of transfer passenger connections},
  author={Yu, Chuhang and Lau, Henry YK},
  booktitle={4th In-ternational Conference on Traffic and Logistic Engineering},
  year={2015}
}

#5
@article{narciso2015robust,
  title={Robust gate assignment procedures from an airport management perspective},
  author={Narciso, Mercedes E and Piera, Miquel A},
  journal={Omega},
  volume={50},
  pages={82--95},
  year={2015},
  publisher={Elsevier}
}

#6
@article{王笑天2015基于列生成算法的停机位指派的鲁棒性研究,
  title={基于列生成算法的停机位指派的鲁棒性研究},
  author={王笑天 and 田勇 and 万莉莉 and 杨晔},
  journal={武汉理工大学学报: 交通科学与工程版},
  volume={39},
  number={1},
  pages={171--174},
  year={2015}
}

#7
@article{李军会2014基于航班延误分布的机位鲁棒指派模型,
  title={基于航班延误分布的机位鲁棒指派模型},
  author={李军会 and 朱金福 and 陈欣},
  journal={交通运输工程学报},
  volume={14},
  number={6},
  pages={74--82},
  year={2014}
}

#8
@masterthesis{罗宇骁2016基于,
  title={基于 BBO 算法的大型机场滑行道和停机位联合调度研究},
  author={罗宇骁},
  year={2016},
  school={南京航空航天大学}
}

#9
@article{鲁宇明2016一种改进的生物地理学优化算法,
  title={一种改进的生物地理学优化算法},
  author={鲁宇明 and 王彦超 and 刘嘉瑞 and others},
  journal={计算机工程与应用},
  volume={52},
  number={17},
  pages={146--151},
  year={2016}
}